@misc{decodeagency,
author = {Decode Agency},
title = {What is an App Mockup?},
year = {2022},
howpublished = {\url{https://decode.agency/article/app-mockup/#:~:text=with%20proper%20wireframing-,What%20is%20an%20app%20mockup%3F,dummy%20text%20is%20also%20acceptable.}},
}

@misc{columbia,
author = {Columbia University},
title = {Agent-Based Modeling},
year = {2023},
howpublished = {\url{https://www.publichealth.columbia.edu/research/population-health-methods/agent-based-modeling#:~:text=Agent%2Dbased%20models%20are%20computer,epidemiology)%20are%20assigned%20certain%20attributes.}},
}



